@preamble{ "\providecommand{\noopsort}[1]{} " }

% =============================================
% it was used
% =============================================


@online{bac,
    author={Ministry of Education},
    title={Metodologia de organizare şi desfăşurare a examenului de bacalaureat},
    year={(2011)},
    url={http://static.bacalaureat.edu.ro/2021/docs/MetodologieAnexa2.pdf},
    urldate={2022-02-06}
}

@book{census,
    author={Romanian National Institute of Statistics},
    volume={II: Stable (resident) population - ethnic and confessional structure},
    chapter={10: Population by ethnicity and mother tongue - counties},
    title={Population and housing census - 2011},
    year={(2011)},
    url={https://www.recensamantromania.ro/rpl-2011/rezultate-2011/},
    urldate={2022-02-06}
}

@online{bactable,
    author={Ministry of Education},
    title={Bacalaureat 2021 - Rezultate},
    year={(2021)},
    url={http://static.bacalaureat.edu.ro/2021/rapoarte/rezultate/alfabetic/page_1.html},
    urldate={2022-02-06}
}

@online{selenium,
    title={Selenium},
    url={https://www.selenium.dev},
    urldate={2022-02-06}
}

